@article{cai2013numvc,
  title={NuMVC: An efficient local search algorithm for minimum vertex cover},
  author={Cai, Shaowei and Su, Kaile and Luo, Chuan and Sattar, Abdul},
  journal={Journal of Artificial Intelligence Research},
  volume={46},
  pages={687--716},
  year={2013}
}

@article{cai2010,
	title={EWLS: A new local search for minimum vertex cover},
	author={Cai, Shaowei and Su, Kaile and Chen, Qingliang},
	journal={Proc. of AAAI-10},
	pages={45-50},
	year={2010}
}

@article{andrade_resende_werneck, 
	title={Fast Local Search for the Maximum Independent Set Problem}, 
	journal={Experimental Algorithms Lecture Notes in Computer Science}, 
	author={Andrade, Diogo V. and Resende, Mauricio G. C. and Werneck, Renato F.}, 
	pages={220–234}
}

@article{richter_helmert_gretton, 
	title={A Stochastic Local Search Approach to Vertex Cover}, 
	journal={Lecture Notes in Computer Science KI 2007: Advances in Artificial Intelligence}, author={Richter, Silvia and Helmert, Malte and Gretton, Charles}, 
	pages={412-–426}}

@article{halperin_2002, 
	title={Improved Approximation Algorithms for the Vertex Cover Problem in Graphs and Hypergraphs}, 
	volume={31}, 
	number={5}, 
	journal={SIAM Journal on Computing}, 
	author={Halperin, Eran}, 
	year={2002}, 
	pages={1608–1623}
}

@article{kavalci2014,
	title={Distributed vertex cover algorithms for wireless sensor networks},
	author={Kavalci, Vedat and Ural, Aybars and Dagdeviren},
	journal={International Journal of Computer Networks \& Communications, IJCNC},
	volume={6},
	pages={95--110},
	year={2014}
}

@article{cai2015fastvc,
	title={Balance between complexity and quality: local search for minimum vertex cover in massive graphs},
	author={Cai, Shaowei},
	journal={Proceedings of the Twenty-Fourth International Joint Conference on Artificial Intelligence, IJCAI},
	pages={25--31},
	year={2015}
}

@article{cai_su_sattar_2011, 
	title={Local search with edge weighting and configuration checking heuristics for minimum vertex cover}, 
	volume={175}, 
	number={9-10}, 
	journal={Artificial Intelligence}, 
	author={Cai, Shaowei and Su, Kaile and Sattar, Abdul}, 
	year={2011}, 
	pages={1672–1696}
}

@book{intro_alg_2009, 
	address={Cambridge, Mass.}, 
	edition={3}, 
	title={Introduction to Algorithms}, 
	publisher={MIT Press}, 
	author={Cormen, Thomas H. and Leiserson, Charles E. and Rivest, Ronald L. and Stein, Clifford}, 
	year={2009}
}